<?xml version="1.0" encoding="UTF-8"?><collection xmlns="http://www.loc.gov/MARC21/slim"><record><leader>00529nam--2200193-u-4500</leader><controlfield tag="001">000052841</controlfield><controlfield tag="002">20161230</controlfield><controlfield tag="005">20161230201050</controlfield><controlfield tag="008">101123s1000------------r-----000-0-rus-d</controlfield><datafield ind1=" " ind2=" " tag="040"><subfield code="a">IFIN-HH</subfield></datafield><datafield ind1=" " ind2=" " tag="041"><subfield code="a">rus</subfield></datafield><datafield ind1=" " ind2=" " tag="080"><subfield code="a">535</subfield></datafield><datafield ind1="1" ind2=" " tag="100"><subfield code="a">Barnoski, Michael K</subfield></datafield><datafield ind1="1" ind2="0" tag="245"><subfield code="a">Vvedenie v intergralnuio optiku</subfield><subfield code="c">MICHAEL K. BARNOSKI (Ed.)</subfield></datafield><datafield ind1=" " ind2=" " tag="260"><subfield code="a">Moskva</subfield><subfield code="b">Mir</subfield><subfield code="c">1977</subfield></datafield><datafield ind1=" " ind2=" " tag="300"><subfield code="a">367 P</subfield></datafield><datafield ind1=" " ind2=" " tag="500"><subfield code="a">tITLUL ORIGINAL IN LIMBA ENGLEZA: INTRODUCTION TO INTEGRATED OPTICS</subfield></datafield><datafield ind1=" " ind2=" " tag="852"><subfield code="a">46125</subfield><subfield code="c">535</subfield></datafield><datafield ind1=" " ind2=" " tag="CAT"><subfield code="a">Sys</subfield><subfield code="c">20101123</subfield><subfield code="h">110507</subfield></datafield></record></collection>